2033 3723
214 193 365 276 -448
759 179 1354 250 PLANTAE.

463 299 755 369 Bipczrtitum
777 334 794 360 ‚
816 317 820 322 ’
841 297 1161 367 Tripartitum
1185 336 1201 356 ,
1243 299 1659 370 Quadripartitum
1679 340 1696 365 ,
1734 304 1982 378 Quinque..

526 369 755 439 partitum
768 410 782 430 ‚
803 366 1207 436 qultipczrtitum,
1232 386 1259 421 a
1276 385 1496 422 numero
1514 371 1684 439 ‘hujus

321 459 401 507 31.
441 438 678 505 Intcgrum
713 438 784 491 est
803 438 1110 499 indivisum,
1143 437 1249 490 sinu
1271 441 1416 492 omni
1437 439 1766 504 destitutum5

458 524 586 579 ergo
607 508 715 562 hoc
748 508 1013 579 prioribus
1039 514 1054 567 ζ
1069 512 1247 575 17-30)
1280 513 1594 579 opponitur.

171 580 213 630 d.
250 583 419 650 Apex
442 579 512 631 est
532 582 840 633 extremitas
852 577 986 639 folii,
1011 581 1063 629 in
1095 595 1250 647 quem
1277 579 1476 633 definit.

310 670 393 717 32.
439 649 751 708 Truncatum‚
776 648 922 721 quod
943 648 1081 700 linea
1106 651 1438 703 transversali
1463 652 1660 705 definit.

308 737 388 792 33.
425 719 740 785 Praemorsum,
767 722 804 774 1.
849 732 927 776 18.
979 718 1123 786 quod
1159 718 1531 775 obtuslffimum
1554 724 1856 781 terminatur
1894 730 1971 782 in-

454 790 635 859 cisuris
658 789 1013 859 inaequalibus.

310 879 390 926 34.
427 860 646 927 Retusum
675 858 708 911 f.
726 872 808 926 46.
834 859 980 928 quod
1010 859 1315 910 terminatur
1343 858 1456 914 sinu
1477 862 1681 916 obtuso.
1760 855 1765 867 ‘

305 951 333 997 3
339 948 389 996 5.
425 929 780 999 Erizargz'natum
810 927 842 982 f.
863 943 948 993 45.
973 926 1117 996 quod
1143 929 1445 982 terminatur
1471 947 1639 985 crena.

304 1009 385 1068 36.
423 1001 644 1068 Obtusum
680 999 714 1051 f.
748 1017 830 1062 40·
877 997 1022 1068 quod
1060 1001 1365 1051 terminatur
1401 1000 1542 1067 quasi
1576 1005 1712 1057 intra
1740 1006 1968 1077 segmen-

482 1081 593 1125 tum
613 1071 818 1123 circuli.

303 1138 383 1208 3‘7.
420 1142 623 1194 Acutum
643 1140 678 1194 f.
698 1160 782 1206 41.
804 1137 949 1208 quod
972 1140 1282 1191 termInatur
1310 1140 1506 1207 angulo
1541 1149 1717 1195 acuto.

299 1225 381 1280 38.
418 1211 745 1264 Acuminatum
780 1209 813 1263 f.
839 1230 923 1273 42.
951 1207 1095 1278 quod
1126 1209 1427 1262 terminatur
1458 1213 1610 1279 apice
1633 1211 1892 1265 subulato.

291 1280 294 1281 ⁷
445 1282 668 1348 Obtul‘um
689 1281 898 1331 acumine
923 1277 956 1330 f.
975 1298 1055 1346 43.
1078 1288 1227 1349 patet
1254 1293 1326 1330 eX
1349 1279 1503 1334 dietis
1532 1283 1556 1344 ζ
1563 1293 1641 1349 36.
1659 1284 1762 1350 38).

295 1370 376 1419 39.
416 1351 702 1417 Cirrhqsum,
736 1348 880 1419 quod
908 1352 1208 1401 terminatur
1235 1349 1413 1403 cirrho
1455 1353 1666 1421 (§·84·)2
1701 1351 1924 1419 Gloriosa
1950 1388 1969 1412 ,

447 1421 766 1490 Ιῗῖαὲιῖἰανὶα,
796 1418 1011 1487 ΝζΗοίἰα
1044 1419 1104 1470 Τ.

156 1511 194 1541 e.
232 1494 429 1564 Margo
450 1491 520 1544 est
547 1501 785 1544 extrema
828 1504 920 1541 ora
953 1488 1072 1542 folii
1103 1489 1167 1542 ad
1205 1488 1394 1550 latera,
1427 1490 1627 1545 intacto
1659 1490 1802 1543 disco
1830 1490 1964 1544 folii.

281 1583 378 1628 x40.
418 1562 686 1632 Spimffim,
708 1559 852 1632 quod
876 1562 1101 1630 margine
1128 1561 1250 1627 exit
1281 1562 1336 1612 in
1368 1564 1604 1616 acumina
1629 1560 1863 1622 duriora,
1891 1563 1959 1616 ri-

442 1631 584 1703 gida,
611 1631 910 1701 pungentia.

511 1701 694 1753 Inerme
730 1703 938 1770 spinoso
962 1698 1098 1752 folio
1122 1701 1428 1769 opponitur.

286 1791 372 1840 41.
410 1770 669 1824 Dentatum
692 1768 727 1823 f.
753 1791 833 1838 30.
858 1770 1005 1839 quod
1029 1774 1264 1824 acumina
1287 1769 1671 1835 horizontalia,
1695 1770 1816 1824 folii

440 1838 793 1908 confistentia‚
818 1843 984 1911 spatio
1010 1851 1209 1893 remota
1232 1840 1408 1898 habet.

287 1931 371 1980 42.
409 1910 653 1963 Serratum
672 1911 706 1965 f.
732 1930 815 1979 31.
849 1912 993 1980 quod
1021 1912 1224 1982 angulis
1256 1913 1424 1964 acutis
1461 1910 1745 1965 imbricatis
1773 1917 1952 1964 extre-

434 1983 666 2035 mitatem
696 1982 1097 2050 respicientibus
1124 1990 1350 2034 notatur.

291 2070 371 2119 43.
407 2049 646 2103 Crenatum
665 2049 697 2105 f.
726 2063 808 2118 38.
835 2050 981 2120 cujus
1011 2067 1189 2120 margo
1223 2052 1456 2120 angulis,
1496 2059 1730 2104 neutram
1769 2060 1952 2104 extre-

437 2123 671 2175 mitatem
691 2123 1088 2190 respicientibus
1103 2163 1118 2184 ,
1141 2123 1358 2174 secatur.

497 2192 652 2256 obtuse
677 2190 707 2244 f.
736 2201 819 2258 36.
845 2207 976 2244 acute
999 2192 1032 2245 f.
1067 2210 1145 2262 35.
1168 2190 1404 2262 duplicate
1431 2189 1464 2242 f.
1490 2205 1571 2258 33.

284 2283 365 2330 44.
401 2259 676 2330 Repandum
716 2261 747 2317 f.
779 2279 862 2328 29.
900 2261 1050 2330 cujus
1079 2277 1258 2331 margo
1293 2260 1494 2329 angulis
1524 2299 1540 2325 ,
1578 2259 1765 2327 eisque
1792 2261 1954 2312 inter-

422 2329 441 2398 j
447 2328 576 2383 edtis
589 2330 817 2391 sinubus,
831 2333 1016 2384 circnli
1029 2337 1296 2402 segmento
1319 2332 1374 2382 in
1388 2331 1593 2397 scriptis
1612 2329 1936 2382 terminatur.

284 2417 359 2470 45.
395 2400 753 2469 Cartilagineum
795 2402 826 2453 f.
858 2422 939 2469 34.
980 2400 1129 2469 cujus
1169 2416 1345 2467 margo
1387 2399 1726 2468 cartilagine,
1766 2416 1795 2452 a
1828 2399 1947 2452 sub-
2020 2464 2024 2468 ῃ

433 2471 606 2524 stantia
630 2471 745 2524 folii
768 2470 1122 2539 diverslffima,
1155 2472 1399 2524 firmatur.

276 2552 357 2608 46.
397 2539 609 2593 Cz'liatum
630 2542 664 2594 f.
686 2558 773 2607 50,
806 2540 954 2610 cujus
984 2560 1159 2614 margo
1196 2539 1317 2594 setis
1361 2537 1634 2611 parallelis
1657 2537 1944 2610 longitudi-

419 2612 610 2664 naliter
641 2611 958 2666 obvallatur.

270 2701 355 2750 47.
394 2682 660 2742 Lac-erum,
703 2682 849 2749 quod
883 2683 1112 2753 margine
1148 2682 1295 2738 varie
1337 2679 1530 2733 sedtum
1563 2678 1634 2732 est
1660 2679 1943 2748 segmentis

415 2751 752 2804 difformibuS.

268 2834 349 2885 48.
381 2819 583 2889 Erqsum
635 2820 667 2873 fi
724 2838 807 2872 αι.
850 2837 970 2874 cum
1020 2822 1210 2875 folium
1248 2816 1497 2873 finuatum
1533 2821 1645 2886 (29)
1709 2816 1940 2885 margine

416 2892 554 2944 smus
571 2891 703 2944 alios
729 2892 971 2944 minimos
999 2895 1215 2947 obtusos
1241 2891 1482 2958 acquirit.
1628 2928 1635 2934 ⁷

270 2980 352 3029 49.
390 2960 743 3030 Integer-rimam
766 2960 798 3013 f.
823 2979 904 3026 42·
931 2962 1080 3033 cujus
1109 2976 1285 3032 margo
1321 2961 1556 3014 extimus
1581 2959 1785 3028 integer
1819 2955 1936 3009 abs-

414 3047 517 3105 que
547 3034 690 3085 omni
717 3047 871 3085 crena
896 3032 981 3087 est.

1575 3196 1622 3262 f
1660 3194 1856 3261 Super-
