2033 3723
653 225 1212 293 N0M1NA.
1583 240 1714 292 201

42 339 54 345 ⁸*
104 334 283 398 Novis
308 360 353 400 e.
377 357 423 396 c.
450 341 672 396 detectis
694 342 982 394 Generibus
1017 358 1156 394 nova
1182 345 1388 399 nomina
1412 343 1662 415 aptissime
1691 360 1817 402 con-

241 415 487 466 ficiuntur
516 412 563 463 &
589 410 769 464 iisdem
800 412 1148 478 imponuntur.
1418 457 1424 463 .

108 485 400 554 Antiquum
431 480 467 533 s1
487 481 754 534 dirimatur
782 495 943 548 genus
977 483 1026 533 in
1052 482 1200 550 plura
1218 521 1233 542 ‚
1267 486 1553 536 consultum
1580 484 1648 536 est
1677 499 1818 538 nova

246 570 351 606 non
377 551 619 620 effingere
653 552 861 602 nomina
882 553 1147 618 gemetica,
1185 553 1425 620 quamdiu
1449 554 1595 624 digna
1625 557 1677 607 in
1696 556 1829 623 piu·-

186 690 188 692 ,
245 624 393 692 lange
416 624 826 691 synonymorum
854 621 1139 690 specierum
1161 622 1442 688 supersunt.

43 732 197 802 245.
242 720 473 781 Nomen
514 716 830 793 genericum
873 716 1032 777 unius
1074 716 1316 792 generis,
1365 718 1457 777 nisi
1499 718 1820 796 supervaca-

228 833 395 881 neum
432 809 458 893 (
481 826 518 875 2
542 824 683 897 15-2
702 826 726 874 I
742 826 778 892 7
800 807 873 903 ᾗ
920 812 976 872 in
1004 813 1158 875 aliud
1189 810 1468 874 transferri
1499 834 1610 875 non
1634 816 1823 890 debet,

231 911 368 971 licet
398 909 581 970 eidem
610 909 791 988 aptius
821 917 1182 988 competeret.

106 1000 236 1067 Quis
258 998 424 1066 longo
448 1011 569 1050 aevo
617 1006 832 1067 recepta
855 995 1118 1051 vocabula
1141 1003 1483 1050 commutaret
1516 995 1674 1050 hodie
1706 1012 1825 1053 cum

247 1070 488 1121 Patrum?

83 1135 90 1138 ’
178 1137 512 1204 Hyacinthus
533 1144 774 1191 veterum
798 1134 868 1189 est
894 1131 1208 1203 Delphinium.

108 1231 109 1234 ¹
198 1208 217 1255 1
243 1207 444 1259 ribulus
524 1235 545 1243 -
615 1236 631 1245 -
703 1234 721 1246 ·
793 1236 811 1248 -
884 1204 1111 1269 Fagonia.

183 1277 388 1345 Opulus
525 1305 546 1313 —
618 1308 634 1319 -
705 1306 724 1315 -
795 1307 816 1316 -
885 1272 1134 1328 Humulus.

112 1347 354 1402 Botanici
381 1347 568 1398 saeculo
597 1349 756 1402 XVI.
783 1345 1103 1414 inquirentes
1129 1352 1366 1398 veterum
1395 1344 1685 1406 vocabum,
1725 1345 1831 1398 Ro·

250 1417 457 1470 tanicen
485 1414 593 1470 fere
621 1415 923 1486 perdebant.

113 1485 382 1542 Notisfima
415 1484 511 1539 fint
548 1503 730 1556 genera
766 1489 833 1540 A.
855 1489 913 1540 Β.
938 1487 998 1540 C.
1025 1484 1089 1540 D.
1120 1482 1397 1540 secundum
1438 1484 1604 1545 nostra
1648 1501 1829 1554 genera

251 1558 558 1626 plantarum,

184 1635 254 1682 A.
296 1624 675 1694 Lithospermum,

185 1701 248 1751 B.
284 1692 540 1762 Mycfinis.

182 1770 247 1823 C,
284 1763 451 1827 Alline.

182 1844 253 1892 Ι).
294 1832 552 1902 (crastinam.

192 1902 559 1971 Ἑ-ιιιπιζῐονιίιιε
605 1921 767 1974 genus
799 1907 844 1959 B
886 1906 977 1958 sub
1016 1907 1068 1956 A
1108 1905 1546 1976 comprehendit,
1598 1903 1833 1974 adeoque

255 1989 444 2027 nomen
466 1977 509 2026 B
536 1977 585 2027 in
613 1979 666 2029 D
701 1976 982 2027 transtulit.

184 2044 400 2115 Ruppius
423 2043 651 2098 distinxit
675 2062 858 2113 genera
900 2052 951 2096 A
973 2045 1020 2095 ἃ
1047 2047 1086 2095 Β
1107 2084 1122 2105 ,
1160 2044 1207 2095 &
1233 2061 1418 2096 nomen
1451 2046 1726 2114 Myosotis
1764 2049 1832 2101 T.

254 2117 541 2169 revocavit
563 2133 590 2167 a
620 2120 673 2168 D
694 2114 756 2166 ad
784 2119 848 2171 B,
884 2114 933 2167 ἃ
962 2129 1122 2179 genus
1151 2118 1202 2166 D
1233 2117 1324 2167 sub
1362 2118 1405 2169 C
1441 2119 1665 2169 reduxit.

187 2181 434 2235 Dillenius
460 2199 622 2249 genus
645 2187 688 2235 C
715 2185 778 2235 ab
809 2183 856 2236 D
886 2185 1115 2237 distinxit
1139 2199 1258 2238 cum
1287 2185 1701 2244 Tournefortio,
1739 2202 1835 2241 nes:

253 2256 308 2306 D
343 2255 474 2304 uniit
508 2270 628 2306 cum
673 2256 747 2314 C,
786 2255 859 2307 uti
892 2256 1169 2322 Ruppius;
1209 2255 1412 2307 Genera
1455 2260 1607 2309 etiam
1633 2264 1684 2307 A
1711 2256 1758 2308 ἃ
1795 2260 1835 2308 Β

252 2321 480 2374 ἀίῐὶίηὰε
525 2339 643 2378 cum
682 2326 903 2394 Ruppio
935 2326 1187 2383 servabat,
1229 2341 1324 2377 nec
1353 2334 1410 2379 ut
1437 2325 1835 2379 Tournefornus

254 2391 367 2445 haec
400 2398 455 2448 A
483 2397 525 2446 Β
562 2395 801 2447 miscuit:
852 2394 1086 2461 adeoque
1124 2408 1311 2448 nomen
1347 2398 1616 2464 Myosotis
1645 2399 1834 2466 pluite

256 2465 300 2515 B
327 2464 608 2525 concessit,
642 2479 845 2517 novum
871 2475 1038 2517 antem
1069 2465 1383 2529 (Cerastium
1404 2473 1427 2527 )
1465 2471 1516 2519 D
1542 2469 1797 2536 imposuit,

187 2527 354 2601 Tyro
385 2536 472 2604 qui
499 2546 643 2588 antea
671 2534 949 2604 conjunxit
970 2536 1284 2587 vocabulum
1308 2538 1581 2604 Myosotis
1606 2553 1722 2590 cum
1750 2552 1810 2603 ge

257 2620 380 2655 nere
405 2608 482 2663 D,
518 2621 587 2657 ex
615 2605 864 2658 sententia
890 2607 1278 2665 Tonrnefortii.
1313 2621 1450 2657 nuuc
1469 2622 1603 2658 vero
1629 2617 1836 2659 tenetur

260 2673 394 2726 idem
430 2677 727 2727 combinare
775 2691 892 2727 cum
928 2678 999 2733 Β.
1039 2675 1312 2728 secundum
1354 2676 1624 2746 Ruppium
1647 2715 1665 2739 ,
1698 2673 1810 2728 haesi

259 2753 335 2798 tat
366 2747 592 2813 semper,
628 2759 798 2798 utrum
825 2745 929 2796 hoc
959 2759 1073 2796 cum
1103 2748 1145 2799 B
1171 2758 1257 2798 aut
1288 2746 1333 2796 D
1360 2746 1653 2816 conjungat.

60 2837 216 2918 246.
266 2838 326 2900 Si
345 2838 539 2901 Genus
554 2852 845 2923 receptum
865 2886 883 2914 ‚
901 2840 1200 2901 secundum
1227 2839 1315 2913 jus
1333 2850 1543 2902 naturae
1559 2839 1616 2922 (ι
1636 2833 1758 2923 62)
1785 2843 1830 2901 k

244 2938 376 2999 artis
402 2933 599 3018 (164)
618 2984 638 3012 ‚
653 2941 706 2999 in
728 2942 886 3019 plura
900 2937 1089 2998 dirimi
1107 2937 1294 3009 debet,
1312 2947 1431 2998 tum
1450 2959 1652 2998 nomen
1673 2946 1824 2998 antea

246 3050 545 3096 commune
565 3038 807 3096 manebit
837 3034 1219 3102 vulgatiffimae
1244 3035 1298 3094 Gt
1325 3034 1827 3114 officinaiiplanta.

122 3118 330 3174 coam
369 3137 531 3189 genus
570 3124 887 3191 supponatur
914 3120 1078 3173 dividi
1104 3122 1153 3172 in
1178 3122 1298 3176 tria:

191 3194 261 3246 A.
296 3194 474 3247 Arbor
498 3194 712 3248 floribus
742 3192 1114 3255 involucrati3‚
1150 3191 1455 3245 umbellatIS.

850 3263 903 3317 N
942 3276 970 3328 5
1542 3263 1597 3316 Β.
1625 3262 1753 3312 Her-
